#
# Some UTF8 characters òà€
#

@article{visser2003model,
  title={Model checking programs},
  author={Visser, Willem and Havelund, Klaus and Brat, Guillaume and Park, SeungJoon and Lerda, Flavio},
  journal={Automated Software Engineering},
  volume={10},
  number={2},
  pages={203--232},
  year={2003},
  publisher={Springer}
}

@inproceedings{lerda2001addressing,
  title={Addressing dynamic issues of program model checking},
  author={Lerda, Flavio and Visser, Willem},
  booktitle={Proceedings of the 8th international SPIN workshop on Model checking of software},
  pages={80--102},
  year={2001},
  organization={Springer-Verlag New York, Inc.}
}


@online{osgi-site,
      title = "OSGi Alliance",
        url = "http://www.osgi.org",
    urldate = {2015-08}
}

@online{equinox-site,
      title = "Eclipse Equinox - implementation of the OSGi specifications",
        url = "http://www.eclipse.org/equinox/",
    urldate = {2015-08}
}

@online{antlr-site,
      title = "ANTLR - Another Tool for Language Recognition",
        url = "http://www.antlr.org/",
    urldate = {2015-08}
}

@online{xtend-site,
      title = "Xtend - Modernized Java",
        url = "http://www.eclipse.org/xtend/",
    urldate = {2015-08}
}

@online{co2-maude-download-link,
      title = "CO2 Model Checker",
        url = "http://tcs.unica.it/software/co2-maude/co2-abstract-maude.tar.gz",
    urldate = {2015-08}
}

@online{jpf-site,
	title = "Java PathFinder - model checker for Java programs",
	url = "http://tcs.unica.it/software/co2-maude/co2-abstract-maude.tar.gz",
	urldate = {2015-08}
}

@online{eclipse-official,
      title = "Eclipse official documentation - Mars release",
        url = "http://help.eclipse.org/mars/index.jsp",
    urldate = {2015-08}
}

@misc{xtext-site,
       title = "Xtext - a framework for development of programming languages and domain-specific languages",
howpublished = {\url{http://www.eclipse.org/Xtext/}},
        note = {Accessed: 2016-02}
}

@online{xsemantics-site,
       title = "Xsemantics - a DSL for writing rules for Xtext languages",
howpublished = {\url{http://xsemantics.sourceforge.net/}},
        note = {Accessed: 2016-02}
}

@online{xsemantics-expr,
	title = "Xsemantics - Expressions example",
	url = "http://xsemantics.sourceforge.net/xsemantics-documentation/Expressions-example.html#Expressions",
	urldate = {2015-08}
}

@online{co2-maude-download-link,
      title = "CO2 Model Checker",
        url = "http://tcs.unica.it/software/co2-maude/co2-abstract-maude.tar.gz",
    urldate = {2015-08}
}

@inproceedings{Banavar99dc,
	author    = {Guruduth Banavar and
	Tushar Deepak Chandra and
	Robert E. Strom and
	Daniel C. Sturman},
	title     = {A Case for Message Oriented Middleware},
	booktitle = {Proc. Distributed Computing},
	pages     = {1--18},
	year      = {1999},
	doi       = {10.1007/3-540-48169-9_1},
}

@inproceedings{CO2middleware,
	author    = {Massimo Bartoletti and
	             Tiziana Cimoli and
	             Maurizio Murgia and
	             Alessandro Sebastian Podda and
	             Livio Pompianu},
	title     = {A contract-oriented middleware},
	year      = {2015},
	booktitle = {Proc. {FACS}},
	note      = {Extended version available at~\url{http://co2.unica.it}},
}

@article{juhaszviper,
	title={Viper: A Verification Infrastructure for Permission-Based Reasoning},
	author={Juhasz, Uri and Kassios, Ioannis T and M{\"u}ller, Peter and Novacek, Milos and Schwerhoff, Malte and Summers, Alexander J}
}


@article{verifiable,
        author = {Bartoletti, Massimo and Murgia, Maurizio and Scalas, Alceste and Zunino, Roberto},
         title = {Verifiable abstractions for contract-oriented systems},
  journaltitle = {Submitted september 2014; revised june 2015},
          year = {2015},
}

@article{notesco2,
      title = {Notes on contract-oriented computing},
     author = {Bartoletti, Massimo and Cimoli, Tiziana and Scalas, Alceste},
       year = {2014},
    journal = {Course notes},
  publisher = {Department of Mathematics and Computer Science, University of Cagliari},
}


@book{baier2008principles,
	title={Principles of model checking},
	author={Baier, Christel and Katoen, Joost-Pieter and others},
	volume={26202649},
	year={2008},
	publisher={MIT press Cambridge}
}

